<?xml version="1.0" encoding="UTF-8"?><collection xmlns="http://www.loc.gov/MARC21/slim"><record><leader>00361nam--2200133-i-4500</leader><controlfield tag="001">000025726</controlfield><controlfield tag="002">20161230</controlfield><controlfield tag="005">20161230201036</controlfield><controlfield tag="008">060222s1000------------r-----000-0-eng-d</controlfield><datafield ind1=" " ind2=" " tag="080"><subfield code="a">621.9.014.3</subfield></datafield><datafield ind1=" " ind2=" " tag="100"><subfield code="a">Juravlev, S.A., Tomilin, S.A.Si Miasnikov, V.P</subfield></datafield><datafield ind1=" " ind2=" " tag="245"><subfield code="a">Scule pt.aschierea rapida a metalelor</subfield></datafield><datafield ind1=" " ind2=" " tag="260"><subfield code="a">Bucuresti, I.D.T., 1950, 232p</subfield></datafield><datafield ind1=" " ind2=" " tag="852"><subfield code="a">2936</subfield></datafield></record></collection>